% Optional fields: volume/number, series, address, edition, month, note
@BOOK{open,
    author = {Oscar Levin},
    title = {Discrete Mathematics: An Open Introduction},
    publisher = {},
    url = {http://discrete.openmathbooks.org/},
    year = {2021}
}

@INCOLLECTION{handbook,
   booktitle =     {Handbook of Discrete and Computational Geometry, Third Edition},
   title =     {Geometric graph theory},
   chapter =   {10},
   author =    {JÃ¡nos Pach},
   publisher = {Chapman and Hall/CRC;CRC Press},
   isbn =      { 1498711391,978-1-4987-1139-5,9781498711425,1498711421 },
   year =      {2018},
   edition =   {Tercera edici\'on},
   volume =    {}
}

@ARTICLE{tamassia,
  title     = "On embedding a graph in the grid with the minimum number of
               bends",
  author    = "Tamassia, Roberto",
  journal   = "SIAM j. comput.",
  publisher = "Society for Industrial \& Applied Mathematics (SIAM)",
  volume    =  16,
  number    =  3,
  pages     = "421--444",
  month     =  jun,
  year      =  1987,
  language  = "en"
}

@ARTICLE{minbends,
  title={Minimum Number of Bends of Paths of Trees in a Grid Embedding},
  author={de Luca, Vitor Tocci Ferreira and de Souza Oliveira, Fabiano and Szwarcfiter, Jayme Luiz},
  journal={Procedia Computer Science},
  volume={195},
  pages={118--126},
  year={2021},
  publisher={Elsevier}
}

@ARTICLE{paper,
  title     = "Grid straight-line embeddings of trees with a minimum number of
               bends per path",
  author    = "Luca, V T F and Mar{\'\i}n, N and Oliveira, F S and
               Ram{\'\i}rez-Vigueras, A and Sol{\'e}-Pi, O and Szwarcfiter, J L
               and Urrutia, J",
  journal   = "Inf. Process. Lett.",
  publisher = "Elsevier BV",
  volume    =  174,
  number    =  106210,
  pages     = "106210",
  month     =  mar,
  year      =  2022,
  language  = "en"
}